@article{Jain2022,
  doi = {10.1007/s10237-022-01579-0},
  url = {https://doi.org/10.1007/s10237-022-01579-0},
  year = {2022},
  month = apr,
  publisher = {Springer Science and Business Media {LLC}},
  volume = {21},
  number = {3},
  pages = {1029--1041},
  author = {Kartik Jain},
  title = {The effect of varying degrees of stenosis on transition to turbulence in oscillatory flows},
  journal = {Biomechanics and Modeling in Mechanobiology}
}

@article{Vassilevski2015,
  doi = {10.1134/s0965542515090134},
  url = {https://doi.org/10.1134/s0965542515090134},
  year = {2015},
  month = sep,
  publisher = {Pleiades Publishing Ltd},
  volume = {55},
  number = {9},
  pages = {1567--1578},
  author = {Yu. V. Vassilevski and V. Yu. Salamatova and S. S. Simakov},
  title = {On the elasticity of blood vessels in one-dimensional problems of hemodynamics},
  journal = {Computational Mathematics and Mathematical Physics}
}

@article{Ensley1999,
  doi = {10.1016/s0003-4975(99)00560-3},
  url = {https://doi.org/10.1016/s0003-4975(99)00560-3},
  year = {1999},
  month = oct,
  publisher = {Elsevier {BV}},
  volume = {68},
  number = {4},
  pages = {1384--1390},
  author = {Ann E Ensley and Patricia Lynch and George P Chatzimavroudis and Carol Lucas and Shiva Sharma and Ajit P Yoganathan},
  title = {Toward designing the optimal total cavopulmonary connection: an in vitro study},
  journal = {The Annals of Thoracic Surgery}
}

@book{Schlichting,
	title     = "Boundary-layer theory",
	author    = "Schlichting, Hermann and Gersten, Klaus",
	publisher = "Springer",
	edition   =  9,
	month     =  oct,
	year      =  2016,
	address   = "Berlin, Germany",
	language  = "en"
}


@article{Boyd2007,
  doi = {10.1063/1.2772250},
  url = {https://doi.org/10.1063/1.2772250},
  year = {2007},
  month = sep,
  publisher = {{AIP} Publishing},
  volume = {19},
  number = {9},
  pages = {093103},
  author = {Joshua Boyd and James M. Buick and Simon Green},
  title = {Analysis of the Casson and Carreau-Yasuda non-Newtonian blood models in steady and oscillatory flows using the lattice Boltzmann method},
  journal = {Physics of Fluids}
}

@article{Saqr2020,
  doi = {10.1038/s41598-020-72309-8},
  url = {https://doi.org/10.1038/s41598-020-72309-8},
  year = {2020},
  month = sep,
  publisher = {Springer Science and Business Media {LLC}},
  volume = {10},
  number = {1},
  author = {Khalid M. Saqr and Simon Tupin and Sherif Rashad and Toshiki Endo and Kuniyasu Niizuma and Teiji Tominaga and Makoto Ohta},
  title = {Physiologic blood flow is turbulent},
  journal = {Scientific Reports}
}

@incollection{Saloner2019,
  doi = {10.1007/978-3-030-25249-6_17},
  url = {https://doi.org/10.1007/978-3-030-25249-6_17},
  year = {2019},
  month = oct,
  publisher = {Springer International Publishing},
  pages = {331--347},
  author = {David Saloner},
  title = {Computational Fluid Dynamics for Evaluating Hemodynamics},
  booktitle = {Vessel Based Imaging Techniques}
}

@article{Peskin,
	doi = {10.1017/s0962492902000077},
	url = {https://doi.org/10.1017/s0962492902000077},
	year = {2002},
	month = jan,
	publisher = {Cambridge University Press ({CUP})},
	volume = {11},
	pages = {479--517},
	author = {Charles S. Peskin},
	title = {The immersed boundary method},
	journal = {Acta Numerica}
}

@incollection{Sequeira,
  doi = {10.1007/978-1-4020-5690-1_4},
  url = {https://doi.org/10.1007/978-1-4020-5690-1_4},
  publisher = {Springer Netherlands},
  pages = {65--87},
  author = {Ad{\'{e}}lia Sequeira and Jo{\~{a}}o Janela},
  title = {An Overview of Some Mathematical Models of Blood Rheology},
  booktitle = {A Portrait of State-of-the-Art Research at the Technical University of Lisbon}
}
@article{Eichler2023,
  doi = {10.1016/j.camwa.2023.01.031},
  url = {https://doi.org/10.1016/j.camwa.2023.01.031},
  year = {2023},
  month = apr,
  publisher = {Elsevier {BV}},
  volume = {136},
  pages = {80--94},
  author = {Pavel Eichler and Radek Galabov and Radek Fu{\v{c}}{\'{\i}}k and Kate{\v{r}}ina {\v{S}}kardov{\'{a}} and Tom{\'{a}}{\v{s}} Oberhuber and Petr Pau{\v{s}} and Jaroslav Tint{\v{e}}ra and Radom{\'{\i}}r Chabiniok},
  title = {Non-Newtonian turbulent flow through aortic phantom: Experimental and computational study using magnetic resonance imaging and lattice Boltzmann method},
  journal = {Computers and Mathematics with Applications}
}

@incollection{DempereMarco2006,
  doi = {10.1007/11866763_54},
  url = {https://doi.org/10.1007/11866763_54},
  year = {2006},
  publisher = {Springer Berlin Heidelberg},
  pages = {438--445},
  author = {Laura Dempere-Marco and Estanislao Oubel and Marcelo Castro and Christopher Putman and Alejandro Frangi and Juan Cebral},
  title = {{CFD} Analysis Incorporating the Influence of Wall Motion: Application to Intracranial Aneurysms},
  booktitle = {Medical Image Computing and Computer-Assisted Intervention {\textendash} {MICCAI} 2006}
}

@article{LANTZ2011,
  doi = {10.1142/s1758825111001226},
  url = {https://doi.org/10.1142/s1758825111001226},
  year = {2011},
  month = dec,
  publisher = {World Scientific Pub Co Pte Lt},
  volume = {03},
  number = {04},
  pages = {759--778},
  author = {JONAS LANTZ and JOHAN RENNER and MATTS KARLSSON},
  title = {{WALL} {SHEAR} {STRESS} {IN} A {SUBJECT} {SPECIFIC} {HUMAN} {AORTA} {\textemdash} {INFLUENCE} {OF} {FLUID}-{STRUCTURE} {INTERACTION}},
  journal = {International Journal of Applied Mechanics}
}

@article{Fishbein2015,
  doi = {10.1016/j.carpath.2015.07.007},
  url = {https://doi.org/10.1016/j.carpath.2015.07.007},
  year = {2015},
  month = nov,
  publisher = {Elsevier {BV}},
  volume = {24},
  number = {6},
  pages = {335--342},
  author = {Michael C. Fishbein and Gregory A. Fishbein},
  title = {Arteriosclerosis: facts and fancy},
  journal = {Cardiovascular Pathology}
}

@article{Syed1997,
  doi = {10.1016/s0033-0620(97)80024-2},
  url = {https://doi.org/10.1016/s0033-0620(97)80024-2},
  year = {1997},
  month = jul,
  publisher = {Elsevier {BV}},
  volume = {40},
  number = {1},
  pages = {77--84},
  author = {Mushabbar Syed and Michael Lesch},
  title = {Coronary artery aneurysm: A review},
  journal = {Progress in Cardiovascular Diseases}
}

@article{Carabello2009,
  doi = {10.1016/s0140-6736(09)60211-7},
  url = {https://doi.org/10.1016/s0140-6736(09)60211-7},
  year = {2009},
  month = mar,
  publisher = {Elsevier {BV}},
  volume = {373},
  number = {9667},
  pages = {956--966},
  author = {Blase A Carabello and Walter J Paulus},
  title = {Aortic stenosis},
  journal = {The Lancet}
}

@article{Varghese2003,
  doi = {10.1115/1.1589774},
  url = {https://doi.org/10.1115/1.1589774},
  year = {2003},
  month = aug,
  publisher = {{ASME} International},
  volume = {125},
  number = {4},
  pages = {445--460},
  author = {Sonu S. Varghese and Steven H. Frankel},
  title = {Numerical Modeling of Pulsatile Turbulent Flow in Stenotic Vessels},
  journal = {Journal of Biomechanical Engineering}
}

@article{Kameneva2004,
  doi = {10.1097/01.mat.0000136512.36370.b5},
  url = {https://doi.org/10.1097/01.mat.0000136512.36370.b5},
  year = {2004},
  month = sep,
  publisher = {Ovid Technologies (Wolters Kluwer Health)},
  volume = {50},
  number = {5},
  pages = {418--423},
  author = {Marina V. Kameneva and Greg W. Burgreen and Kunisha Kono and Brandon Repko and James F. Antaki and Mitsuo Umezu},
  title = {Effects of Turbulent Stresses upon Mechanical Hemolysis: Experimental and Computational Analysis},
  journal = {{ASAIO} Journal}
}

@book{Anderson,
title     = {Computational Fluid Dynamics},
author    = {J. D. Anderson},
publisher = {McGraw-Hill Professional},
series    = {McGraw-Hill series in mechanical engineering},
year      = {1995},
address   = {New York, NY},
language  = {en}
}

@book{Cengel,
title     = {Fluid mechanics: Fundamentals and applications},
author    = {Y. A. Cengel a J. M. Cimbala},
publisher = {McGraw-Hill Education},
edition   = {4},
year      = {2017},
address   = {Columbus, OH}
}

@article{Latt,
doi = {10.13097/ARCHIVE-OUVERTE/UNIGE:464},
url = {https://archive-ouverte.unige.ch/unige:464},
author = {J. Latt},
keywords = {info:eu-repo/classification/ddc/500.2,  info:eu-repo/classification/ddc/520,  Lattice Boltzmann,  Navier-Stokes,  Cfd,  Hpc},
language = {en},
title = {„{H}ydrodynamic limit of lattice Boltzmann equations"},
publisher = {Université de Genève},
year = {2007},
copyright = {Free access}
}

@article{WallStress,
author = {Papaioannou, Theodore and Stefanadis, Christodoulos},
year = {2005},
month = {01},
pages = {9-15},
title = {Vascular Wall Shear Stress: Basic Principles and Methods},
volume = {46},
journal = {Hellenic journal of cardiology : HJC = Hellēnikē kardiologikē epitheōrēsē}
}

@inproceedings{Sodja2007,
  title={Turbulence models in CFD},
  author={Jurij Sodja},
  year={2007}
}

@book{Landau,
	title     = "Fluid Mechanics",
	author    = "L. D. Landau a E. M. Lifshits",
	publisher = "Elsevier Science",
	year      =  2013,
	address   = "London, England"
}

@article{vanBake,
	doi = {10.1007/s12265-017-9781-x},
	url = {https://doi.org/10.1007/s12265-017-9781-x},
	year = {2018},
	publisher = {Springer Science and Business Media {LLC}},
	volume = {11},
	number = {2},
	pages = {145--155},
	author = {T. M. J. van Bakel{,} K. D. Lau{,} J. Hirsch-Romano{,} S. Trimarchi{,} A. L. Dorfman a C. A. Figueroa},
	title = {„{P}atient-Specific Modeling of Hemodynamics: Supporting Surgical Planning in a Fontan Circulation Correction"},
	journal = {Journal of Cardiovascular Translational Research}
}

@article{Kim,
doi = {10.1007/s10439-009-9669-2},
url = {https://doi.org/10.1007/s10439-009-9669-2},
year = {2009},
publisher = {Springer Science and Business Media {LLC}},
volume = {37},
number = {5},
pages = {927--942},
author = {Y. Kim{,} S. Lim{,} S. V. Raman{, et al.}},
title = {„{B}lood Flow in a Compliant Vessel by the Immersed Boundary Method"},
journal = {Annals of Biomedical Engineering}
}


@incollection{TOF,
TITLE = {„{T}ranslational Cardiovascular Modeling: Tetralogy of Fallot and Modeling of Diseases"},
AUTHOR = {R. Chabiniok{,} K. {\v S}kardov{\'a}{,} R. Galabov{,} P. Eichler{,} M. Gusseva{, et al.}},
URL = {https://hal.archives-ouvertes.fr/hal-03363107},
BOOKTITLE = {Modeling Biomaterials},
YEAR = {2021},
PDF = {https://hal.archives-ouvertes.fr/hal-03363107/file/main_R2.pdf},
HAL_ID = {hal-03363107},
HAL_VERSION = {v1},
}

@book{Eisenberg2002,
	title     = "{SVG} Essentials",
	author    = "J. D. Eisenberg",
	publisher = "O'Reilly Media",
	year      =  2002,
	address   = "Sebastopol, CA",
	language  = "en"
}

@article{Rubtsova,
year = {2021},
publisher = {Informa {UK} Limited},
volume = {24},
number = {6},
pages = {653--662},
author = {E. Rubtsova{,} A. Markov{,} S. Selishchev{,} J. H. Karimov a D. Telyshev},
title = {„{M}athematical modeling of the Fontan blood circulation supported with pediatric ventricular assist device"},
journal = {Computer Methods in Biomechanics and Biomedical Engineering}
}

@misc{Chaloup,
title={Nemocný s funkčně jedinou srdeční komorou}, url={http://pelikan.lf2.cuni.cz/2003-2004/kveten-cerven2004-12roc-cl6.htm},
journal={FN Motol, Praha},
author={V. Chaloupecký},
year={2004}
}

@article{Wang,
  doi = {10.1007/s10439-007-9356-0},
  url = {https://doi.org/10.1007/s10439-007-9356-0},
  year = {2007},
  month = jul,
  publisher = {Springer Science and Business Media {LLC}},
  volume = {35},
  number = {11},
  pages = {1840--1856},
  author = {Chang Wang and Kerem Pekkan and Diane de Z{\'{e}}licourt and Marc Horner and Ajay Parihar and Ashish Kulkarni and Ajit P. Yoganathan},
  title = {Progress in the {CFD} Modeling of Flow Instabilities in Anatomical Total Cavopulmonary Connections},
  journal = {Annals of Biomedical Engineering}
}

@article{Delorme,
title = {Large eddy simulation of powered Fontan hemodynamics},
journal = {Journal of Biomechanics},
volume = {46},
number = {2},
pages = {408-422},
year = {2013},
note = {Special Issue: Biofluid Mechanics},
issn = {0021-9290},
doi = {https://doi.org/10.1016/j.jbiomech.2012.10.045},
url = {https://www.sciencedirect.com/science/article/pii/S0021929012006525},
author = {Y. Delorme and K. Anupindi and A.E. Kerlo and D. Shetty and M. Rodefeld and J. Chen and S. Frankel},
keywords = {High order large eddy simulation, Fontan circulation, Viscous impeller pump}
}

@article{Rijnberg2018,
  doi = {10.1161/circulationaha.117.033359},
  url = {https://doi.org/10.1161/circulationaha.117.033359},
  year = {2018},
  month = may,
  publisher = {Ovid Technologies (Wolters Kluwer Health)},
  volume = {137},
  number = {22},
  pages = {2393--2407},
  author = {Friso M. Rijnberg and Mark G. Hazekamp and Jolanda J. Wentzel and Patrick J.H. de Koning and Jos J.M. Westenberg and Monique R.M. Jongbloed and Nico A. Blom and Arno A.W. Roest},
  title = {Energetics of Blood Flow in Cardiovascular Disease},
  journal = {Circulation}
}

@article{Porfiryev2020,
  doi = {10.3390/app10196910},
  url = {https://doi.org/10.3390/app10196910},
  year = {2020},
  month = oct,
  publisher = {{MDPI} {AG}},
  volume = {10},
  number = {19},
  pages = {6910},
  author = {Andrey Porfiryev and Aleksandr Markov and Andrey Galyastov and Maxim Denisov and Olga Burdukova and Alexander Yu. Gerasimenko and Dmitry Telyshev},
  title = {Fontan Hemodynamics Investigation via Modeling and Experimental Characterization of Idealized Pediatric Total Cavopulmonary Connection},
  journal = {Applied Sciences}
}

@article{Abraham2005,
  doi = {10.1080/10255840500180799},
  url = {https://doi.org/10.1080/10255840500180799},
  year = {2005},
  month = apr,
  publisher = {Informa {UK} Limited},
  volume = {8},
  number = {2},
  pages = {127--137},
  author = {Feby Abraham and Marek Behr and Matthias Heinkenschloss},
  title = {Shape optimization in steady blood flow: A numerical study of non-Newtonian effects},
  journal = {Computer Methods in Biomechanics and Biomedical Engineering}
}

@article{Tang2014,
  doi = {10.1016/j.jcmg.2013.12.010},
  url = {https://doi.org/10.1016/j.jcmg.2013.12.010},
  year = {2014},
  month = mar,
  publisher = {Elsevier {BV}},
  volume = {7},
  number = {3},
  pages = {215--224},
  author = {Elaine Tang and Maria Restrepo and Christopher M. Haggerty and Lucia Mirabella and James Bethel and Kevin K. Whitehead and Mark A. Fogel and Ajit P. Yoganathan},
  title = {Geometric Characterization of Patient-Specific Total Cavopulmonary Connections and its Relationship to Hemodynamics},
  journal = {{JACC}: Cardiovascular Imaging}
}
@article{Weddell2015,
  doi = {10.1371/journal.pone.0124575},
  url = {https://doi.org/10.1371/journal.pone.0124575},
  year = {2015},
  month = apr,
  publisher = {Public Library of Science ({PLoS})},
  volume = {10},
  number = {4},
  pages = {e0124575},
  author = {Jared C. Weddell and JaeHyuk Kwack and P. I. Imoukhuede and Arif Masud},
  editor = {Lakshmi Prasad Dasi},
  title = {Hemodynamic Analysis in an Idealized Artery Tree: Differences in Wall Shear Stress between Newtonian and Non-Newtonian Blood Models},
  journal = {{PLOS} {ONE}}
}

@article{Marsden2008,
  doi = {10.1016/j.cma.2007.12.009},
  url = {https://doi.org/10.1016/j.cma.2007.12.009},
  year = {2008},
  month = apr,
  publisher = {Elsevier {BV}},
  volume = {197},
  number = {21-24},
  pages = {1890--1905},
  author = {Alison L. Marsden and Jeffrey A. Feinstein and Charles A. Taylor},
  title = {A computational framework for derivative-free optimization of cardiovascular geometries},
  journal = {Computer Methods in Applied Mechanics and Engineering}
}

@book{Kruger,
	doi = {10.1007/978-3-319-44649-3},
	url = {https://doi.org/10.1007/978-3-319-44649-3},
	year = {2017},
	publisher = {Springer International Publishing},
	author = {T. Kr\"{u}ger{, et al.} },
	title = {The Lattice Boltzmann Method}
}

@article{LBMAT,
	doi = {10.1007/s11075-022-01476-8},
	url = {https://doi.org/10.1007/s11075-022-01476-8},
	year = {2022},
	month = dec,
	publisher = {Springer Science and Business Media {LLC}},
	author = {Radek Fu{\v{c}}{\'{\i}}k and Pavel Eichler and Jakub Klinkovsk{\'{y}} and Robert Straka and Tom{\'{a}}{\v{s}} Oberhuber},
	title = {Lattice Boltzmann Method Analysis Tool ({LBMAT})},
	journal = {Numerical Algorithms}
}

@incollection{MRT,
	doi = {10.2514/5.9781600866319.0450.0458},
	url = {https://doi.org/10.2514/5.9781600866319.0450.0458},
	year = {1994},
	publisher = {American Institute of Aeronautics and Astronautics},
	pages = {450--458},
	author = {D. D’Humières},
	title = {„{G}eneralized Lattice-Boltzmann Equations"},
	booktitle = {Rarefied Gas Dynamics: Theory and Simulations}
}

@article{ELBM,
	doi = {10.1209/epl/i1999-00370-1},
	url = {https://doi.org/10.1209/epl/i1999-00370-1},
	year = 1999,
	publisher = {{IOP} Publishing},
	volume = {47},
	number = {2},
	pages = {182--188},
	author = {I. V. Karlin{,} A. Ferrante a H. C. Öttinger},
	title = {„{P}erfect entropy functions of the Lattice Boltzmann method"},
	journal = {Europhysics Letters ({EPL})},
}

@article{GeierCLBM,
	doi = {10.1103/physreve.73.066705},
	url = {https://doi.org/10.1103/physreve.73.066705},
	year = {2006},
	publisher = {American Physical Society ({APS})},
	volume = {73},
	number = {6},
	author = {M. Geier{,} A. Greiner a J. G. Korvink},
	title = {„{C}ascaded digital lattice Boltzmann automata for high Reynolds number flow"},
	journal = {Physical Review E}
}

@article{GeierCuLBM,
	title = {„{T}he cumulant lattice Boltzmann equation in three dimensions: Theory and validation"},
	journal = {Computers and Mathematics with Applications},
	volume = {70},
	number = {4},
	pages = {507-547},
	year = {2015},
	issn = {0898-1221},
	doi = {https://doi.org/10.1016/j.camwa.2015.05.001},
	url = {https://www.sciencedirect.com/science/article/pii/S0898122115002126},
	author = {M. Geier{,} M. Schönherr{,} A. Pasquali a M. Krafczyk},
	keywords = {Lattice Boltzmann, Cumulants, Multiple relaxation time, Galilean invariance, Orthogonalization}}

@inproceedings{Yu2003,
	doi = {10.2514/6.2003-953},
	url = {https://doi.org/10.2514/6.2003-953},
	year = {2003},
	publisher = {American Institute of Aeronautics and Astronautics},
	author = {D. Yu{,} R. Mei a W. Shyy},
	title = {„{A} Unified Boundary Treatment in Lattice Boltzmann Method"},
	booktitle = {41st Aerospace Sciences Meeting and Exhibit}
}

@article{NASA,	
	doi = {10.1103/physreve.65.041203},
	url = {https://doi.org/10.1103/physreve.65.041203},
	year = {2002},
	publisher = {American Physical Society ({APS})},
	volume = {65},
	number = {4},	
	author = {R. Mei{,} D. Yu{,} W. Shyy a L.-S. Luo},
	title = {„{F}orce evaluation in the lattice Boltzmann method involving curved geometry"},
	journal = {Physical Review E}
}

@article{Bouzidi2001,
	doi = {10.1063/1.1399290},
	url = {https://doi.org/10.1063/1.1399290},
	year = {2001},
	publisher = {{AIP} Publishing},
	volume = {13},
	number = {11},
	pages = {3452--3459},
	author = {M. Bouzidi{,} M. Firdaouss a P. Lallemand},
	title = {„{M}omentum transfer of a Boltzmann-lattice fluid with boundaries"},
	journal = {Physics of Fluids}
}

@article{JB,
	year = {2022},
	author = {J. Bureš},
	title = {Matematické modelování proudění krve v cévách},
	journal = {Bakalářská práce}
}

@article{PE,
year = {2023},
author = {P. Eichler},
title = {Mathematical modeling of fluid flow using lattice Boltzmann
method},
journal = {Dizertační práce}
}


@article{Ginac,
doi = {10.1016/j.nima.2005.11.155},
url = {https://doi.org/10.1016/j.nima.2005.11.155},
year = {2006},
month = apr,
publisher = {Elsevier {BV}},
volume = {559},
number = {1},
pages = {282--284},
author = {J. Vollinga},
title = {{GiNaC}{\textemdash}Symbolic computation with},
journal = {Nuclear Instruments and Methods in Physics Research Section A: Accelerators,  Spectrometers,  Detectors and Associated Equipment}
}

@article{Powell,
  year = {1970},
  month = jan,
  publisher = {Gordon and Breach Science},
  pages = {87–144},
  author = {Powell, M.J.D.},
  title = {A hybrid method for nonlinear equations},
  journal = {Numerical Methods for Nonlinear Algebraic Equations}
}

@article{two-decades,
  doi = {10.1016/j.ejco.2021.100011},
  url = {https://doi.org/10.1016/j.ejco.2021.100011},
  year = {2021},
  publisher = {Elsevier {BV}},
  volume = {9},
  pages = {100011},
  author = {St{\'{e}}phane Alarie and Charles Audet and Aïmen E. Gheribi and Michael Kokkolaras and S{\'{e}}bastien Le Digabel},
  title = {Two decades of blackbox optimization applications},
  journal = {{EURO} Journal on Computational Optimization}
}

@article{derivative-free-review,
  doi = {10.1017/s0962492919000060},
  url = {https://doi.org/10.1017/s0962492919000060},
  year = {2019},
  month = may,
  publisher = {Cambridge University Press ({CUP})},
  volume = {28},
  pages = {287--404},
  author = {Jeffrey Larson and Matt Menickelly and Stefan M. Wild},
  title = {Derivative-free optimization methods},
  journal = {Acta Numerica}
}

@incollection{Kramer2011,
  doi = {10.1007/978-3-642-20859-1_4},
  url = {https://doi.org/10.1007/978-3-642-20859-1_4},
  year = {2011},
  publisher = {Springer Berlin Heidelberg},
  pages = {61--83},
  author = {Oliver Kramer and David Echeverr{\'{\i}}a Ciaurri and Slawomir Koziel},
  title = {Derivative-Free Optimization},
  booktitle = {Computational Optimization,  Methods and Algorithms}
}

@book{non-linear-textbook,
  title     = "Linear and nonlinear programming",
  author    = "Luenberger, David G and Ye, Yinyu",
  publisher = "Springer",
  series    = "International series in operations research \& management
               science",
  edition   =  3,
  month     =  jul,
  year      =  2008,
  address   = "New York, NY",
  language  = "en"
}

@book{BBO-textbook,
  title     = "Derivative-free and blackbox optimization",
  author    = "Audet, Charles and Hare, Warren",
  publisher = "Springer International Publishing",
  series    = "Springer Series in Operations Research and Financial Engineering",
  edition   =  1,
  month     =  dec,
  year      =  2017,
  address   = "Cham, Switzerland",
  language  = "en"
}

@book{Bert,
  title     = "Nonlinear programming",
  author    = "Bertsekas, Dimitri",
  publisher = "Athena Scientific",
  month     =  sep,
  year      =  2016,
  language  = "en"
}

@article{Fletcher1963,
  doi = {10.1093/comjnl/6.2.163},
  url = {https://doi.org/10.1093/comjnl/6.2.163},
  year = {1963},
  month = aug,
  publisher = {Oxford University Press ({OUP})},
  volume = {6},
  number = {2},
  pages = {163--168},
  author = {R. Fletcher and M. J. D. Powell},
  title = {A Rapidly Convergent Descent Method for Minimization},
  journal = {The Computer Journal}
}

@article{broyden1970,
  doi = {10.1093/imamat/6.3.222},
  url = {https://doi.org/10.1093/imamat/6.3.222},
  year = {1970},
  publisher = {Oxford University Press ({OUP})},
  volume = {6},
  number = {3},
  pages = {222--231},
  author = {C. G. BROYDEN},
  title = {The Convergence of a Class of Double-rank Minimization Algorithms},
  journal = {{IMA} Journal of Applied Mathematics}
}

@article{Byrd1995,
  doi = {10.1137/0916069},
  url = {https://doi.org/10.1137/0916069},
  year = {1995},
  month = sep,
  publisher = {Society for Industrial {\&} Applied Mathematics ({SIAM})},
  volume = {16},
  number = {5},
  pages = {1190--1208},
  author = {Richard H. Byrd and Peihuang Lu and Jorge Nocedal and Ciyou Zhu},
  title = {A Limited Memory Algorithm for Bound Constrained Optimization},
  journal = {{SIAM} Journal on Scientific Computing}
}

@article{Nelder1965,
  doi = {10.1093/comjnl/7.4.308},
  url = {https://doi.org/10.1093/comjnl/7.4.308},
  year = {1965},
  month = jan,
  publisher = {Oxford University Press ({OUP})},
  volume = {7},
  number = {4},
  pages = {308--313},
  author = {J. A. Nelder and R. Mead},
  title = {A Simplex Method for Function Minimization},
  journal = {The Computer Journal}
}

@misc{Dantzig1990,
  doi = {10.1145/87252.88081},
  url = {https://doi.org/10.1145/87252.88081},
  year = {1990},
  month = jun,
  publisher = {{ACM}},
  pages = {141--151},
  author = {George B. Dantzig},
  title = {Origins of the simplex method}
}

@article{Audet2002,
  doi = {10.1137/s1052623400378742},
  url = {https://doi.org/10.1137/s1052623400378742},
  year = {2002},
  month = jan,
  publisher = {Society for Industrial {\&} Applied Mathematics ({SIAM})},
  volume = {13},
  number = {3},
  pages = {889--903},
  author = {Charles Audet and J. E. Dennis},
  title = {Analysis of Generalized Pattern Searches},
  journal = {{SIAM} Journal on Optimization}
}

@article{Audet2006,
  doi = {10.1137/040603371},
  url = {https://doi.org/10.1137/040603371},
  year = {2006},
  month = jan,
  publisher = {Society for Industrial {\&} Applied Mathematics ({SIAM})},
  volume = {17},
  number = {1},
  pages = {188--217},
  author = {Charles Audet and J. E. Dennis},
  title = {Mesh Adaptive Direct Search Algorithms for Constrained Optimization},
  journal = {{SIAM} Journal on Optimization}
}

@article{Rios2012,
  doi = {10.1007/s10898-012-9951-y},
  url = {https://doi.org/10.1007/s10898-012-9951-y},
  year = {2012},
  month = jul,
  publisher = {Springer Science and Business Media {LLC}},
  volume = {56},
  number = {3},
  pages = {1247--1293},
  author = {Luis Miguel Rios and Nikolaos V. Sahinidis},
  title = {Derivative-free optimization: a review of algorithms and comparison of software implementations},
  journal = {Journal of Global Optimization}
}

@article{Optim.jl,
  author  = {Mogensen, Patrick Kofod and Riseth, Asbj{\o}rn Nilsen},
  title   = {Optim: A mathematical optimization package for {Julia}},
  journal = {Journal of Open Source Software},
  year    = {2018},
  volume  = {3},
  number  = {24},
  pages   = {615},
  doi     = {10.21105/joss.00615}
}

@article{nomad,
  Author  = {C. Audet and S. {Le~Digabel} and V. {Rochon~Montplaisir} and C. Tribes},
  Title   = {{Algorithm~1027: NOMAD version~4: Nonlinear optimization with the MADS algorithm}},
  Journal = {{ACM} Transactions on Mathematical Software},
  Volume  = {48},
  Number  = {3},
  Year    = {2022},
  Pages   = {35:1--35:22},
  Doi     = {10.1145/3544489},
  Url     = {https://dx.doi.org/10.1145/3544489}
}

@article{Cassini,
	journal = {Doğuş Üniversitesi Dergisi},
	eissn = {1308-6979},
	address = {Doğuş Üniversitesi Dudullu Yerleşkesi
	Dudullu Osb Mah. Nato Yolu Cad. 265/ 1 Ümraniye / İstanbul},
	publisher = {Dogus University},
	year = {2013},
	volume = {14},
	number = {2},
	pages = {231 - 248},
	title = {A MULTI FOCI CLOSED CURVE: CASSINI OVAL, ITS  PROPERTIES AND APPLICATIONS},
	key = {cite},
	author = {Karataş,  Mümtaz}
}
