@article{Boyd,
  title={„{A}nalysis of the Casson and Carreau-Yasuda non-Newtonian blood models in steady and oscillatory flows using the lattice Boltzmann method"},
  author={J. Boyd{,} J. M. Buick a S. Green},
  journal={Physics of Fluids},
  volume={19},
  number={9},
  pages={093103},
  year={2007},
  publisher={American Institute of Physics}
}

@article{vanBake,
	doi = {10.1007/s12265-017-9781-x},
	url = {https://doi.org/10.1007/s12265-017-9781-x},
	year = {2018},
	publisher = {Springer Science and Business Media {LLC}},
	volume = {11},
	number = {2},
	pages = {145--155},
	author = {T. M. J. van Bakel{,} K. D. Lau{,} J. Hirsch-Romano{,} S. Trimarchi{,} A. L. Dorfman a C. A. Figueroa},
	title = {„{P}atient-Specific Modeling of Hemodynamics: Supporting Surgical Planning in a Fontan Circulation Correction"},
	journal = {Journal of Cardiovascular Translational Research}
}

@article{Kim,
doi = {10.1007/s10439-009-9669-2},
url = {https://doi.org/10.1007/s10439-009-9669-2},
year = {2009},
publisher = {Springer Science and Business Media {LLC}},
volume = {37},
number = {5},
pages = {927--942},
author = {Y. Kim{,} S. Lim{,} S. V. Raman{, et al.}},
title = {„{B}lood Flow in a Compliant Vessel by the Immersed Boundary Method"},
journal = {Annals of Biomedical Engineering}
}

@book{Guo,
	title     = "Lattice Boltzmann method and its application in engineering",
	author    = "Z. Guo a Ch. Shu",
	publisher = "World Scientific Publishing",
	series    = "Advances In Computational Fluid Dynamics",
	year      =  2013,
	address   = "Singapore, Singapore"
}

@incollection{MRT,
	doi = {10.2514/5.9781600866319.0450.0458},
	url = {https://doi.org/10.2514/5.9781600866319.0450.0458},
	year = {1994},
	publisher = {American Institute of Aeronautics and Astronautics},
	pages = {450--458},
	author = {D. D’Humières},
	title = {„{G}eneralized Lattice-Boltzmann Equations"},
	booktitle = {Rarefied Gas Dynamics: Theory and Simulations}
}

@article{ELBM,
	doi = {10.1209/epl/i1999-00370-1},
	url = {https://doi.org/10.1209/epl/i1999-00370-1},
	year = 1999,
	publisher = {{IOP} Publishing},
	volume = {47},
	number = {2},
	pages = {182--188},
	author = {I. V. Karlin{,} A. Ferrante a H. C. Öttinger},
	title = {„{P}erfect entropy functions of the Lattice Boltzmann method"},
	journal = {Europhysics Letters ({EPL})},
}

@article{GeierCLBM,
	doi = {10.1103/physreve.73.066705},
	url = {https://doi.org/10.1103/physreve.73.066705},
	year = {2006},
	publisher = {American Physical Society ({APS})},
	volume = {73},
	number = {6},
	author = {M. Geier{,} A. Greiner a J. G. Korvink},
	title = {„{C}ascaded digital lattice Boltzmann automata for high Reynolds number flow"},
	journal = {Physical Review E}
}

@article{GeierCuLBM,
	title = {„{T}he cumulant lattice Boltzmann equation in three dimensions: Theory and validation"},
	journal = {Computers and Mathematics with Applications},
	volume = {70},
	number = {4},
	pages = {507-547},
	year = {2015},
	issn = {0898-1221},
	doi = {https://doi.org/10.1016/j.camwa.2015.05.001},
	url = {https://www.sciencedirect.com/science/article/pii/S0898122115002126},
	author = {M. Geier{,} M. Schönherr{,} A. Pasquali a M. Krafczyk},
	keywords = {Lattice Boltzmann, Cumulants, Multiple relaxation time, Galilean invariance, Orthogonalization}
}

@incollection{TOF,
TITLE = {„{T}ranslational Cardiovascular Modeling: Tetralogy of Fallot and Modeling of Diseases"},
AUTHOR = {R. Chabiniok{,} K. {\v S}kardov{\'a}{,} R. Galabov{,} P. Eichler{,} M. Gusseva{, et al.}},
URL = {https://hal.archives-ouvertes.fr/hal-03363107},
BOOKTITLE = {Modeling Biomaterials},
YEAR = {2021},
PDF = {https://hal.archives-ouvertes.fr/hal-03363107/file/main_R2.pdf},
HAL_ID = {hal-03363107},
HAL_VERSION = {v1},
}

@book{Eisenberg2002,
	title     = "{SVG} Essentials",
	author    = "J. D. Eisenberg",
	publisher = "O'Reilly Media",
	year      =  2002,
	address   = "Sebastopol, CA",
	language  = "en"
}

@article{Rubtsova,
year = {2021},
publisher = {Informa {UK} Limited},
volume = {24},
number = {6},
pages = {653--662},
author = {E. Rubtsova{,} A. Markov{,} S. Selishchev{,} J. H. Karimov a D. Telyshev},
title = {„{M}athematical modeling of the Fontan blood circulation supported with pediatric ventricular assist device"},
journal = {Computer Methods in Biomechanics and Biomedical Engineering}
}

@article{Schafer,	
doi = {10.1007/978-3-322-89849-4_39},
url = {https://doi.org/10.1007/978-3-322-89849-4_39},
year = {1996},
volume = {},
publisher = {Vieweg Teubner Verlag},
pages = {547--566},
author = {M. Sch\"{a}fer{,} S. Turek{,} F. Durst{,} E. Krause a R. Rannacher},
title = {„{B}enchmark Computations of Laminar Flow Around a Cylinder"}
}

@book{Landau,
	title     = "Fluid Mechanics",
	author    = "L. D. Landau a E. M. Lifshits",
	publisher = "Elsevier Science",
	year      =  2013,
	address   = "London, England"
}

@book{Cengel,
title     = {Fluid mechanics: Fundamentals and applications},
author    = {Y. A. Cengel a J. M. Cimbala},
publisher = {McGraw-Hill Education},
edition   = {4},
year      = {2017},
address   = {Columbus, OH}
}

@book{Anderson,
title     = {Computational Fluid Dynamics},
author    = {J. D. Anderson},
publisher = {McGraw-Hill Professional},
series    = {McGraw-Hill series in mechanical engineering},
year      = {1995},
address   = {New York, NY},
language  = {en}
}


@book{Marsik,
author    = "F. Maršík",
title     = "Termodynamika kontinua",
publisher = "Academia",
address   = Praha,
year      = 1999
}

@article{Latt,
doi = {10.13097/ARCHIVE-OUVERTE/UNIGE:464},
url = {https://archive-ouverte.unige.ch/unige:464},
author = {J. Latt},
keywords = {info:eu-repo/classification/ddc/500.2,  info:eu-repo/classification/ddc/520,  Lattice Boltzmann,  Navier-Stokes,  Cfd,  Hpc},
language = {en},
title = {„{H}ydrodynamic limit of lattice Boltzmann equations"},
publisher = {Université de Genève},
year = {2007},
copyright = {Free access}
}

@misc{Chaloup,
title={Nemocný s funkčně jedinou srdeční komorou}, url={http://pelikan.lf2.cuni.cz/2003-2004/kveten-cerven2004-12roc-cl6.htm},
journal={FN Motol, Praha},
author={V. Chaloupecký},
year={2004}
}

@article{Inamuro2000,
	title = {„{F}low between parallel walls containing the lines of neutrally buoyant circular cylinders"},
	journal = {International Journal of Multiphase Flow},
	volume = {26},
	number = {12},
	pages = {1981-2004},
	year = {2000},
	issn = {0301-9322},
	doi = {https://doi.org/10.1016/S0301-9322(00)00007-0},
	url = {https://www.sciencedirect.com/science/article/pii/S0301932200000070},
	author = {T. Inamuro{,} K. Maeba a F. Ogino},
}

@article{Inamuro1997,
	doi = {10.1063/1.869426},
	url = {https://doi.org/10.1063/1.869426},
	year = {1997},
	publisher = {{AIP} Publishing},
	volume = {9},
	number = {11},
	pages = {3535--3542},
	author = {T.Inamuro{,} M. Yoshino a F. Ogino},
	title = {„{A}ccuracy of the lattice Boltzmann method for small Knudsen number with finite Reynolds number"},
	journal = {Physics of Fluids}
}

@article{Suzuki2018,
	doi = {10.1016/j.compfluid.2018.03.027},
	url = {https://doi.org/10.1016/j.compfluid.2018.03.027},
	year = {2018},
	publisher = {Elsevier {BV}},
	volume = {172},
	pages = {593--608},
	author = {K. Suzuki a M. Yoshino},
	title = {„{A} stress tensor discontinuity-based immersed boundary-lattice Boltzmann method"},
	journal = {Computers and Fluids}
}

@article{Suzuki2021,
	doi = {10.1063/5.0044268},
	url = {https://doi.org/10.1063/5.0044268},
	year = {2021},
	publisher = {{AIP} Publishing},
	volume = {33},
	number = {4},
	pages = {047104},
	author = {K. Suzuki{,} K. Ishizaki a M. Yoshino},
	title = {„{L}ocal force calculations by an improved stress tensor discontinuity-based immersed boundary{\textendash}lattice Boltzmann method"},
	journal = {Physics of Fluids}
}

@article{Bresenham,
	title={„{B}resenham line-drawing algorithm"},
	author={P. Koopman},
	journal={Forth Dimensions},
	volume={8},
	number={6},
	pages={12--16},
	year={1987}
}


@article{NASA,
	doi = {10.1103/physreve.65.041203},
	url = {https://doi.org/10.1103/physreve.65.041203},
	year = {2002},
	publisher = {American Physical Society ({APS})},
	volume = {65},
	number = {4},	
	author = {R. Mei{,} D. Yu{,} W. Shyy a L.-S. Luo},
	title = {„{F}orce evaluation in the lattice Boltzmann method involving curved geometry"},
	journal = {Physical Review E}
}

@article{Bouzidi2001,
	doi = {10.1063/1.1399290},
	url = {https://doi.org/10.1063/1.1399290},
	year = {2001},
	publisher = {{AIP} Publishing},
	volume = {13},
	number = {11},
	pages = {3452--3459},
	author = {M. Bouzidi{,} M. Firdaouss a P. Lallemand},
	title = {„{M}omentum transfer of a Boltzmann-lattice fluid with boundaries"},
	journal = {Physics of Fluids}
}

@article{Sanje,
	doi = {10.1103/physreve.97.043305},
	url = {https://doi.org/10.1103/physreve.97.043305},
	year = {2018},
	publisher = {American Physical Society ({APS})},
	volume = {97},
	number = {4},
	author = {Sathish K. P. Sanjeevi and Ahad Zarghami and Johan T. Padding},
	title = {„{C}hoice of no-slip curved boundary condition for lattice Boltzmann simulations of high-Reynolds-number flows"},
	journal = {Physical Review E}
}

@book{Kruger,
	doi = {10.1007/978-3-319-44649-3},
	url = {https://doi.org/10.1007/978-3-319-44649-3},
	year = {2017},
	publisher = {Springer International Publishing},
	author = {T. Kr\"{u}ger{, et al.} },
	title = {The Lattice Boltzmann Method}
}

@inproceedings{Yu2003,
	doi = {10.2514/6.2003-953},
	url = {https://doi.org/10.2514/6.2003-953},
	year = {2003},
	publisher = {American Institute of Aeronautics and Astronautics},
	author = {D. Yu{,} R. Mei a W. Shyy},
	title = {„{A} Unified Boundary Treatment in Lattice Boltzmann Method"},
	booktitle = {41st Aerospace Sciences Meeting and Exhibit}
}

@article{two-decades,
  doi = {10.1016/j.ejco.2021.100011},
  url = {https://doi.org/10.1016/j.ejco.2021.100011},
  year = {2021},
  publisher = {Elsevier {BV}},
  volume = {9},
  pages = {100011},
  author = {St{\'{e}}phane Alarie and Charles Audet and Aïmen E. Gheribi and Michael Kokkolaras and S{\'{e}}bastien Le Digabel},
  title = {Two decades of blackbox optimization applications},
  journal = {{EURO} Journal on Computational Optimization}
}

@article{derivative-free-review,
  doi = {10.1017/s0962492919000060},
  url = {https://doi.org/10.1017/s0962492919000060},
  year = {2019},
  month = may,
  publisher = {Cambridge University Press ({CUP})},
  volume = {28},
  pages = {287--404},
  author = {Jeffrey Larson and Matt Menickelly and Stefan M. Wild},
  title = {Derivative-free optimization methods},
  journal = {Acta Numerica}
}

@incollection{Kramer2011,
  doi = {10.1007/978-3-642-20859-1_4},
  url = {https://doi.org/10.1007/978-3-642-20859-1_4},
  year = {2011},
  publisher = {Springer Berlin Heidelberg},
  pages = {61--83},
  author = {Oliver Kramer and David Echeverr{\'{\i}}a Ciaurri and Slawomir Koziel},
  title = {Derivative-Free Optimization},
  booktitle = {Computational Optimization,  Methods and Algorithms}
}

@article{Rios2012,
  doi = {10.1007/s10898-012-9951-y},
  url = {https://doi.org/10.1007/s10898-012-9951-y},
  year = {2012},
  month = jul,
  publisher = {Springer Science and Business Media {LLC}},
  volume = {56},
  number = {3},
  pages = {1247--1293},
  author = {Luis Miguel Rios and Nikolaos V. Sahinidis},
  title = {Derivative-free optimization: a review of algorithms and comparison of software implementations},
  journal = {Journal of Global Optimization}
}

@book{non-linear-textbook,
  title     = "Linear and nonlinear programming",
  author    = "Luenberger, David G and Ye, Yinyu",
  publisher = "Springer",
  series    = "International series in operations research \& management
               science",
  edition   =  3,
  month     =  jul,
  year      =  2008,
  address   = "New York, NY",
  language  = "en"
}

@book{BBO-textbook,
  title     = "Derivative-free and blackbox optimization",
  author    = "Audet, Charles and Hare, Warren",
  publisher = "Springer International Publishing",
  series    = "Springer Series in Operations Research and Financial Engineering",
  edition   =  1,
  month     =  dec,
  year      =  2017,
  address   = "Cham, Switzerland",
  language  = "en"
}

@book{Bert,
  title     = "Nonlinear programming",
  author    = "Bertsekas, Dimitri",
  publisher = "Athena Scientific",
  month     =  sep,
  year      =  2016,
  language  = "en"
}


